<record><leader>00000cas a2200000 a 4500</leader><controlfield tag="001">2251263</controlfield><controlfield tag="008">760620d18481870msuwr ne      0    0eng c</controlfield><datafield ind1=" " ind2=" " tag="010"><subfield code="a">sn 84020130 </subfield></datafield><datafield ind1=" " ind2=" " tag="040"><subfield code="a">MUL</subfield><subfield code="b">eng</subfield><subfield code="c">MUL</subfield><subfield code="d">DLC</subfield><subfield code="d">NPV</subfield><subfield code="d">NPA</subfield><subfield code="d">PPM</subfield><subfield code="d">MSJ</subfield><subfield code="d">NJW</subfield><subfield code="d">MSJ</subfield><subfield code="d">LNP</subfield><subfield code="d">NLG</subfield><subfield code="d">ANU</subfield><subfield code="d">CRL</subfield><subfield code="d">NVF</subfield><subfield code="d">DLC</subfield><subfield code="d">OCL</subfield><subfield code="d">NVF</subfield><subfield code="d">OCL</subfield><subfield code="d">CUI</subfield><subfield code="d">DLC</subfield><subfield code="d">OCLCQ</subfield><subfield code="d">OCLCF</subfield></datafield><datafield ind1="1" ind2=" " tag="029"><subfield code="a">AU@</subfield><subfield code="b">000020606434</subfield></datafield><datafield ind1=" " ind2=" " tag="042"><subfield code="a">pcc</subfield></datafield><datafield ind1=" " ind2=" " tag="043"><subfield code="a">n-us-ms</subfield></datafield><datafield ind1="0" ind2="0" tag="050"><subfield code="a">Newspaper</subfield></datafield><datafield ind1=" " ind2="4" tag="050"><subfield code="a">AN</subfield></datafield><datafield ind1="0" ind2="4" tag="245"><subfield code="a">The Natchez weekly courier.</subfield></datafield><datafield ind1=" " ind2=" " tag="260"><subfield code="a">Natchez, Miss. :</subfield><subfield code="b">Wm. R. Adams</subfield></datafield><datafield ind1=" " ind2=" " tag="300"><subfield code="a">v.</subfield></datafield><datafield ind1=" " ind2=" " tag="310"><subfield code="a">Weekly</subfield></datafield><datafield ind1="0" ind2=" " tag="362"><subfield code="a">Vol. 19, no. 41 (Oct. 4, 1848)-</subfield></datafield><datafield ind1="1" ind2=" " tag="362"><subfield code="a">Ceased in 1870.</subfield></datafield><datafield ind1=" " ind2=" " tag="500"><subfield code="a">Published as: Weekly courier, Apr. 9-&lt;May 28&gt;, 1862, and: &lt;Apr. 18, 1865&gt;.</subfield></datafield><datafield ind1=" " ind2=" " tag="515"><subfield code="a">Issues for &lt;Mar. 5, 1866-July 23, 1870&gt; called: &lt;New ser., v. 1, no. 33-n.s., v. 6, no. 3&gt;</subfield></datafield><datafield ind1=" " ind2=" " tag="530"><subfield code="a">Also issued on microfilm as part of the Civil War newspapers collection.</subfield></datafield><datafield ind1=" " ind2=" " tag="580"><subfield code="a">Daily eds.: Natchez daily courier (Natchez, Miss. : 1854), &lt;1854-1861&gt;, and: Daily morning courier (Natchez, Miss. : 1861), &lt;1861&gt;, and: Courier (Natchez, Miss.), 1861-1862, and: Natchez daily courier (Natchez, Miss. : 1862), 1862-1863, and: Daily courier (Natchez, Miss. : 1865), &lt;1865&gt;, and: Natchez daily courier (Natchez, Miss. : 1865), &lt;1865-1867&gt;.</subfield></datafield><datafield ind1=" " ind2=" " tag="580"><subfield code="a">Semiweekly/triweekly eds.: Natchez semi-weekly courier (Natchez, Miss. : 1848), 1848-1850, and: Natchez courier (Natchez, Miss. : 1850), 1850-1852, and: Natchez courier (Natchez, Miss. : 1863), &lt;1865&gt;, and: Natchez tri-weekly courier, &lt;1868-1870&gt;.</subfield></datafield><datafield ind1=" " ind2="0" tag="651"><subfield code="a">Natchez (Miss.)</subfield><subfield code="v">Newspapers.</subfield></datafield><datafield ind1=" " ind2="0" tag="651"><subfield code="a">Adams County (Miss.)</subfield><subfield code="v">Newspapers.</subfield></datafield><datafield ind1=" " ind2="7" tag="655"><subfield code="a">Newspapers.</subfield><subfield code="2">fast</subfield><subfield code="0">(OCoLC)fst01423814</subfield></datafield><datafield ind1=" " ind2="7" tag="651"><subfield code="a">Mississippi</subfield><subfield code="z">Adams County.</subfield><subfield code="2">fast</subfield><subfield code="0">(OCoLC)fst01214708</subfield></datafield><datafield ind1=" " ind2="7" tag="651"><subfield code="a">Mississippi</subfield><subfield code="z">Natchez.</subfield><subfield code="2">fast</subfield><subfield code="0">(OCoLC)fst01204961</subfield></datafield><datafield ind1=" " ind2=" " tag="752"><subfield code="a">United States</subfield><subfield code="b">Mississippi</subfield><subfield code="c">Adams</subfield><subfield code="d">Natchez.</subfield></datafield><datafield ind1="1" ind2=" " tag="775"><subfield code="t">Natchez daily courier (Natchez, Miss. : 1854)</subfield><subfield code="w">(DLC)sn 83016881</subfield><subfield code="w">(OCoLC)10199123</subfield></datafield><datafield ind1="1" ind2=" " tag="775"><subfield code="t">Daily morning courier (Natchez, Miss. : 1861)</subfield><subfield code="w">(DLC)sn 83016880</subfield><subfield code="w">(OCoLC)10197795</subfield></datafield><datafield ind1="1" ind2=" " tag="775"><subfield code="t">Courier (Natchez, Miss.)</subfield><subfield code="w">(DLC)sn 83016882</subfield><subfield code="w">(OCoLC)10199162</subfield></datafield><datafield ind1="1" ind2=" " tag="775"><subfield code="t">Natchez daily courier (Natchez, Miss. : 1862)</subfield><subfield code="w">(DLC)sn 84020290</subfield><subfield code="w">(OCoLC)10561000</subfield></datafield><datafield ind1="1" ind2=" " tag="775"><subfield code="t">Daily courier (Natchez, Miss. : 1865)</subfield><subfield code="w">(DLC)sn 88067208</subfield><subfield code="w">(OCoLC)18672521</subfield></datafield><datafield ind1="1" ind2=" " tag="775"><subfield code="t">Natchez daily courier (Natchez, Miss. : 1865)</subfield><subfield code="w">(DLC)sn 88067209</subfield><subfield code="w">(OCoLC)18673844</subfield></datafield><datafield ind1="1" ind2=" " tag="775"><subfield code="t">Natchez semi-weekly courier (Natchez, Miss. : 1848)</subfield><subfield code="w">(DLC)sn 87090486</subfield><subfield code="w">(OCoLC)15872438</subfield></datafield><datafield ind1="1" ind2=" " tag="775"><subfield code="t">Natchez courier (Natchez, Miss. : 1850)</subfield><subfield code="w">(DLC)sn 83016879</subfield><subfield code="w">(OCoLC)2251262</subfield></datafield><datafield ind1="1" ind2=" " tag="775"><subfield code="t">Natchez courier (Natchez, Miss. : 1863)</subfield><subfield code="w">(DLC)sn 87065439</subfield><subfield code="w">(OCoLC)16067115</subfield></datafield><datafield ind1="1" ind2=" " tag="775"><subfield code="t">Natchez tri-weekly courier</subfield><subfield code="w">(DLC)sn 87065444</subfield><subfield code="w">(OCoLC)16067193</subfield></datafield><datafield ind1="0" ind2="8" tag="776"><subfield code="i">Online version:</subfield><subfield code="t">Natchez weekly courier (Online)</subfield><subfield code="w">(OCoLC)658811307</subfield></datafield><datafield ind1="0" ind2="0" tag="780"><subfield code="t">Weekly courier &amp; journal</subfield><subfield code="w">(DLC)sn 85038596</subfield><subfield code="w">(OCoLC)12847629</subfield></datafield><datafield ind1="0" ind2="0" tag="785"><subfield code="t">Natchez courier (Natchez, Miss. : 1870)</subfield><subfield code="w">(DLC)sn 87065438</subfield><subfield code="w">(OCoLC)16067287</subfield></datafield></record>